@Comment general stuff about neural networks etc
@article{lecun1998gradient,
  title={Gradient-based learning applied to document recognition},
  author={LeCun, Yann and Bottou, L{\'e}on and Bengio, Yoshua and Haffner, Patrick},
  journal={Proceedings of the IEEE},
  volume={86},
  number={11},
  pages={2278--2324},
  year={1998},
  publisher={IEEE}
}
@inproceedings{krizhevsky2012imagenet,
  title={Imagenet classification with deep convolutional neural networks},
  author={Krizhevsky, Alex and Sutskever, Ilya and Hinton, Geoffrey E},
  booktitle={Advances in neural information processing systems},
  pages={1097--1105},
  year={2012}
}

@Comment Object/Image segmentation stuff
@misc{BriefHistory,
  title = {{A Brief History of CNNs in Image Segmentation:} From R-CNN to Mask R-CNN},
  author={Dhruv Parthasarathy},
  howpublished = {\url{https://blog.athelas.com/a-brief-history-of-cnns-in-image-segmentation-from-r-cnn-to-mask-r-cnn-34ea83205de4}},
  note = {Accessed: 2018-02-06}
}
@article{girshick2015fast,
  title={Fast r-cnn},
  author={Girshick, Ross},
  journal={arXiv preprint arXiv:1504.08083},
  year={2015}
}
@inproceedings{ren2015faster,
  title={Faster r-cnn: Towards real-time object detection with region proposal networks},
  author={Ren, Shaoqing and He, Kaiming and Girshick, Ross and Sun, Jian},
  booktitle={Advances in neural information processing systems},
  pages={91--99},
  year={2015}
}
@article{badrinarayanan2015segnet,
  title={Segnet: A deep convolutional encoder-decoder architecture for robust semantic pixel-wise labelling},
  author={Badrinarayanan, Vijay and Handa, Ankur and Cipolla, Roberto},
  journal={arXiv preprint arXiv:1505.07293},
  year={2015}
}
@inproceedings{he2017mask,
  title={Mask r-cnn},
  author={He, Kaiming and Gkioxari, Georgia and Doll{\'a}r, Piotr and Girshick, Ross},
  booktitle={Computer Vision (ICCV), 2017 IEEE International Conference on},
  pages={2980--2988},
  year={2017},
  organization={IEEE}
}

@Comment Quantizing weights
@article{murray1994enhanced,
  title={Enhanced MLP performance and fault tolerance resulting from synaptic weight noise during training},
  author={Murray, Alan F and Edwards, Peter J},
  journal={IEEE Transactions on neural networks},
  volume={5},
  number={5},
  pages={792--802},
  year={1994},
  publisher={IEEE}
}
@inproceedings{vanhoucke2011improving,
  title={Improving the speed of neural networks on CPUs},
  author={Vanhoucke, Vincent and Senior, Andrew and Mao, Mark Z},
  booktitle={Proc. Deep Learning and Unsupervised Feature Learning NIPS Workshop},
  volume={1},
  pages={4},
  year={2011},
  organization={Citeseer}
}
@article{hubara2016quantized,
  title={Quantized neural networks: Training neural networks with low precision weights and activations},
  author={Hubara, Itay and Courbariaux, Matthieu and Soudry, Daniel and El-Yaniv, Ran and Bengio, Yoshua},
  journal={arXiv preprint arXiv:1609.07061},
  year={2016}
}
@inproceedings{gupta2015deep,
  title={Deep learning with limited numerical precision},
  author={Gupta, Suyog and Agrawal, Ankur and Gopalakrishnan, Kailash and Narayanan, Pritish},
  booktitle={International Conference on Machine Learning},
  pages={1737--1746},
  year={2015}
}

@Comment Redundancy in nets
@inproceedings{denil2013predicting,
  title={Predicting parameters in deep learning},
  author={Denil, Misha and Shakibi, Babak and Dinh, Laurent and De Freitas, Nando and others},
  booktitle={Advances in neural information processing systems},
  pages={2148--2156},
  year={2013}
}

@Comment Variations on convoulutions
@article{yu2015multi,
  title={Multi-scale context aggregation by dilated convolutions},
  author={Yu, Fisher and Koltun, Vladlen},
  journal={arXiv preprint arXiv:1511.07122},
  year={2015}
}
@phdthesis{sifre2014rigid,
  title={Rigid-motion scattering for image classification},
  author={Sifre, Laurent and Mallat, PS},
  year={2014},
  school={Citeseer}
}
@inproceedings{ioffe2015batch,
  title={Batch normalization: Accelerating deep network training by reducing internal covariate shift},
  author={Ioffe, Sergey and Szegedy, Christian},
  booktitle={International conference on machine learning},
  pages={448--456},
  year={2015}
}
@article{howard2017mobilenets,
  title={Mobilenets: Efficient convolutional neural networks for mobile vision applications},
  author={Howard, Andrew G and Zhu, Menglong and Chen, Bo and Kalenichenko, Dmitry and Wang, Weijun and Weyand, Tobias and Andreetto, Marco and Adam, Hartwig},
  journal={arXiv preprint arXiv:1704.04861},
  year={2017}
}

@Comment Pruning and similar like hashing weights
@article{gong2014compressing,
  title={Compressing deep convolutional networks using vector quantization},
  author={Gong, Yunchao and Liu, Liu and Yang, Ming and Bourdev, Lubomir},
  journal={arXiv preprint arXiv:1412.6115},
  year={2014}
}
@inproceedings{chen2015compressing,
  title={Compressing neural networks with the hashing trick},
  author={Chen, Wenlin and Wilson, James and Tyree, Stephen and Weinberger, Kilian and Chen, Yixin},
  booktitle={International Conference on Machine Learning},
  pages={2285--2294},
  year={2015}
@inproceedings{han2015learning,
  title={Learning both weights and connections for efficient neural network},
  author={Han, Song and Pool, Jeff and Tran, John and Dally, William},
  booktitle={Advances in neural information processing systems},
  pages={1135--1143},
  year={2015}
}
@article{han2015deep,
  title={Deep compression: Compressing deep neural networks with pruning, trained quantization and huffman coding},
  author={Han, Song and Mao, Huizi and Dally, William J},
  journal={arXiv preprint arXiv:1510.00149},
  year={2015}
}

@Comment student-teacher
@inproceedings{bucilua2006model,
  title={Model compression},
  author={Bucilu«é, Cristian and Caruana, Rich and Niculescu-Mizil, Alexandru},
  booktitle={Proceedings of the 12th ACM SIGKDD international conference on Knowledge discovery and data mining},
  pages={535--541},
  year={2006},
  organization={ACM}
}

@inproceedings{ba2014deep,
  title={Do deep nets really need to be deep?},
  author={Ba, Jimmy and Caruana, Rich},
  booktitle={Advances in neural information processing systems},
  pages={2654--2662},
  year={2014}
}

@article{hinton2015distilling,
  title={Distilling the knowledge in a neural network},
  author={Hinton, Geoffrey and Vinyals, Oriol and Dean, Jeff},
  journal={arXiv preprint arXiv:1503.02531},
  year={2015}
}

@article{romero2014fitnets,
  title={Fitnets: Hints for thin deep nets},
  author={Romero, Adriana and Ballas, Nicolas and Kahou, Samira Ebrahimi and Chassang, Antoine and Gatta, Carlo and Bengio, Yoshua},
  journal={arXiv preprint arXiv:1412.6550},
  year={2014}
}

@article{urban2016deep,
  title={Do deep convolutional nets really need to be deep and convolutional?},
  author={Urban, Gregor and Geras, Krzysztof J and Kahou, Samira Ebrahimi and Aslan, Ozlem and Wang, Shengjie and Caruana, Rich and Mohamed, Abdelrahman and Philipose, Matthai and Richardson, Matt},
  journal={arXiv preprint arXiv:1603.05691},
  year={2016}
}